
@ARTICLE{Carter-Cienfuegos-2011-259,
	AUTHOR      = "Carter, John D and Cienfuegos, Rodrigo",
	TITLE       = "The kinematics and stability of solitary and cnoidal wave solutions of the Serre equations",
	JOURNAL     = "European Journal of Mechanics-B/Fluids",
	YEAR        = 2011,
	VOLUME      = 30,
	NUMBER      = 3,
	PAGES       = "259-268",
	NOTE        = "",
}

@ARTICLE{Charney-etal-1950-237,
	AUTHOR      = "Charney, Jules G and Fj{\"o}rtoft, Ragnar and Neumann, J von",
	TITLE       = "Numerical integration of the barotropic vorticity equation",
	JOURNAL     = "Tellus",
	YEAR        = 1950,
	VOLUME      = 2,
	NUMBER      = 4,
	PAGES       = "237-254",
	NOTE        = "",
}

@ARTICLE{Dias-Milewski-2010-1049,
	AUTHOR      = "Frédéric Dias and Paul Milewski",
	TITLE       = "On the fully-nonlinear shallow-water generalized Serre equations",
	JOURNAL     = "Physics Letters A",
	YEAR        = 2010,
	VOLUME      = 374,
	NUMBER      = 8,
	PAGES       = "1049-1053",
	NOTE        = "",
}
@ARTICLE{El-etal-2006,
	AUTHOR      = "El, G.A. and  Grimshaw, R. H. J. and Smyth, N. F.",
	TITLE       = "Unsteady undular bores in fully nonlinear shallow-water theory",
	JOURNAL     = "Physics of Fluids",
	YEAR        = 2006,
	VOLUME      = 18,
	NUMBER      = 2,
	PAGES       = "027104",
	NOTE        = "",
}



@ARTICLE{Filippini-etal-2016-381,
	AUTHOR      = "Filippini, A. G. and Kazolea, M. and Ricchiuto, M.",
	TITLE       = "A flexible genuinely nonlinear approach for nonlinear wave propagation, breaking and run-up",
	JOURNAL     = "Journal of Computational Physics",
	YEAR        = 2016,
	VOLUME      = 310,
	PAGES       = "381-417",
	NOTE        = "",
}

@ARTICLE{Kurganov-etal-2001-707,
	AUTHOR      = "Kurganov, A. and Noelle, S. and Petrova, G.",
	TITLE       = "Semidiscrete central-upwind schemes for hyperbolic conservation laws and {H}amilton-{J}acobi equations",
	JOURNAL     = "Journal of Scientific Computing, Society for Industrial and Applied Mathematics",
	YEAR        = 2002,
	VOLUME      = 23,
	NUMBER      = 3,
	PAGES       = "707-740",
	NOTE        = "",
}

@ARTICLE{Lax-Richtmyer-1956-267,
	AUTHOR      = "Lax, Peter D and Richtmyer, Robert D",
	TITLE       = "Survey of the stability of linear finite difference equations",
	JOURNAL     = "Communications on pure and applied mathematics",
	YEAR        = 1956,
	VOLUME      = 9,
	NUMBER      = 2,
	PAGES       = "267-293",
	NOTE        = "",
}


