@ARTICLE{Filippini-etal-2016-381,
	AUTHOR      = "Filippini, A. G. and Kazolea, M. and Ricchiuto, M.",
	TITLE       = "A flexible genuinely nonlinear approach for nonlinear wave propagation, breaking and run-up",
	JOURNAL     = "Journal of Computational Physics",
	YEAR        = 2016,
	VOLUME      = 310,
	PAGES       = "381-417",
	NOTE        = "",
}

@ARTICLE{Kurganov-etal-2001-707,
	AUTHOR      = "Kurganov, A. and Noelle, S. and Petrova, G.",
	TITLE       = "Semidiscrete central-upwind schemes for hyperbolic conservation laws and {H}amilton-{J}acobi equations",
	JOURNAL     = "Journal of Scientific Computing, Society for Industrial and Applied Mathematics",
	YEAR        = 2002,
	VOLUME      = 23,
	NUMBER      = 3,
	PAGES       = "707-740",
	NOTE        = "",
}